@inproceedings{long2015fully,
  title={Fully convolutional networks for semantic segmentation},
  author={Long, Jonathan and Shelhamer, Evan and Darrell, Trevor},
  booktitle={Proceedings of the IEEE conference on computer vision and pattern recognition},
  pages={3431--3440},
  year={2015}
}

@inproceedings{chen2018encoder,
  title={Encoder-decoder with atrous separable convolution for semantic image segmentation},
  author={Chen, Liang-Chieh and Zhu, Yukun and Papandreou, George and Schroff, Florian and Adam, Hartwig},
  booktitle={Proceedings of the European conference on computer vision (ECCV)},
  pages={801--818},
  year={2018}
}
@inproceedings{fu2019dual,
  title={Dual attention network for scene segmentation},
  author={Fu, Jun and Liu, Jing and Tian, Haijie and Li, Yong and Bao, Yongjun and Fang, Zhiwei and Lu, Hanqing},
  booktitle={Proceedings of the IEEE/CVF conference on computer vision and pattern recognition},
  pages={3146--3154},
  year={2019}
}
@inproceedings{yin2020disentangled,
  title={Disentangled non-local neural networks},
  author={Yin, Minghao and Yao, Zhuliang and Cao, Yue and Li, Xiu and Zhang, Zheng and Lin, Stephen and Hu, Han},
  booktitle={European Conference on Computer Vision},
  pages={191--207},
  year={2020},
  organization={Springer}
}
@inproceedings{yu2020context,
  title={Context prior for scene segmentation},
  author={Yu, Changqian and Wang, Jingbo and Gao, Changxin and Yu, Gang and Shen, Chunhua and Sang, Nong},
  booktitle={Proceedings of the IEEE/CVF Conference on Computer Vision and Pattern Recognition},
  pages={12416--12425},
  year={2020}
}
@article{badrinarayanan2017segnet,
  title={Segnet: A deep convolutional encoder-decoder architecture for image segmentation},
  author={Badrinarayanan, Vijay and Kendall, Alex and Cipolla, Roberto},
  journal={IEEE transactions on pattern analysis and machine intelligence},
  volume={39},
  number={12},
  pages={2481--2495},
  year={2017},
  publisher={IEEE}
}
@inproceedings{chen2018encoder,
  title={Encoder-decoder with atrous separable convolution for semantic image segmentation},
  author={Chen, Liang-Chieh and Zhu, Yukun and Papandreou, George and Schroff, Florian and Adam, Hartwig},
  booktitle={Proceedings of the European conference on computer vision (ECCV)},
  pages={801--818},
  year={2018}
}
@inproceedings{zhao2017pyramid,
  title={Pyramid scene parsing network},
  author={Zhao, Hengshuang and Shi, Jianping and Qi, Xiaojuan and Wang, Xiaogang and Jia, Jiaya},
  booktitle={Proceedings of the IEEE conference on computer vision and pattern recognition},
  pages={2881--2890},
  year={2017}
}
@article{chen2017deeplab,
  title={Deeplab: Semantic image segmentation with deep convolutional nets, atrous convolution, and fully connected crfs},
  author={Chen, Liang-Chieh and Papandreou, George and Kokkinos, Iasonas and Murphy, Kevin and Yuille, Alan L},
  journal={IEEE transactions on pattern analysis and machine intelligence},
  volume={40},
  number={4},
  pages={834--848},
  year={2017},
  publisher={IEEE}
}
@article{chen2017rethinking,
  title={Rethinking atrous convolution for semantic image segmentation},
  author={Chen, Liang-Chieh and Papandreou, George and Schroff, Florian and Adam, Hartwig},
  journal={arXiv preprint arXiv:1706.05587},
  year={2017}
}
@article{fu2020scene,
  title={Scene segmentation with dual relation-aware attention network},
  author={Fu, Jun and Liu, Jing and Jiang, Jie and Li, Yong and Bao, Yongjun and Lu, Hanqing},
  journal={IEEE Transactions on Neural Networks and Learning Systems},
  volume={32},
  number={6},
  pages={2547--2560},
  year={2020},
  publisher={IEEE}
}
@inproceedings{fu2019dual,
  title={Dual attention network for scene segmentation},
  author={Fu, Jun and Liu, Jing and Tian, Haijie and Li, Yong and Bao, Yongjun and Fang, Zhiwei and Lu, Hanqing},
  booktitle={Proceedings of the IEEE/CVF conference on computer vision and pattern recognition},
  pages={3146--3154},
  year={2019}
}
@article{vaswani2017attention,
  title={Attention is all you need},
  author={Vaswani, Ashish and Shazeer, Noam and Parmar, Niki and Uszkoreit, Jakob and Jones, Llion and Gomez, Aidan N and Kaiser, {\L}ukasz and Polosukhin, Illia},
  journal={Advances in neural information processing systems},
  volume={30},
  year={2017}
}
@inproceedings{hu2019local,
  title={Local relation networks for image recognition},
  author={Hu, Han and Zhang, Zheng and Xie, Zhenda and Lin, Stephen},
  booktitle={Proceedings of the IEEE/CVF International Conference on Computer Vision},
  pages={3464--3473},
  year={2019}
}
@inproceedings{bello2019attention,
  title={Attention augmented convolutional networks},
  author={Bello, Irwan and Zoph, Barret and Vaswani, Ashish and Shlens, Jonathon and Le, Quoc V},
  booktitle={Proceedings of the IEEE/CVF international conference on computer vision},
  pages={3286--3295},
  year={2019}
}
@inproceedings{cao2019gcnet,
  title={Gcnet: Non-local networks meet squeeze-excitation networks and beyond},
  author={Cao, Yue and Xu, Jiarui and Lin, Stephen and Wei, Fangyun and Hu, Han},
  booktitle={Proceedings of the IEEE/CVF International Conference on Computer Vision Workshops},
  pages={0--0},
  year={2019}
}
@inproceedings{yin2020disentangled,
  title={Disentangled non-local neural networks},
  author={Yin, Minghao and Yao, Zhuliang and Cao, Yue and Li, Xiu and Zhang, Zheng and Lin, Stephen and Hu, Han},
  booktitle={European Conference on Computer Vision},
  pages={191--207},
  year={2020},
  organization={Springer}
}
@inproceedings{gu2018learning,
  title={Learning region features for object detection},
  author={Gu, Jiayuan and Hu, Han and Wang, Liwei and Wei, Yichen and Dai, Jifeng},
  booktitle={Proceedings of the european conference on computer vision (ECCV)},
  pages={381--395},
  year={2018}
}
@inproceedings{hu2018relation,
  title={Relation networks for object detection},
  author={Hu, Han and Gu, Jiayuan and Zhang, Zheng and Dai, Jifeng and Wei, Yichen},
  booktitle={Proceedings of the IEEE conference on computer vision and pattern recognition},
  pages={3588--3597},
  year={2018}
}
@article{chen2021transunet,
  title={Transunet: Transformers make strong encoders for medical image segmentation},
  author={Chen, Jieneng and Lu, Yongyi and Yu, Qihang and Luo, Xiangde and Adeli, Ehsan and Wang, Yan and Lu, Le and Yuille, Alan L and Zhou, Yuyin},
  journal={arXiv preprint arXiv:2102.04306},
  year={2021}
}
@inproceedings{wang2021transbts,
  title={Transbts: Multimodal brain tumor segmentation using transformer},
  author={Wang, Wenxuan and Chen, Chen and Ding, Meng and Yu, Hong and Zha, Sen and Li, Jiangyun},
  booktitle={International Conference on Medical Image Computing and Computer-Assisted Intervention},
  pages={109--119},
  year={2021},
  organization={Springer}
}
@misc{https://doi.org/10.48550/arxiv.2105.05537,
  doi = {10.48550/ARXIV.2105.05537},
  
  url = {https://arxiv.org/abs/2105.05537},
  
  author = {Cao, Hu and Wang, Yueyue and Chen, Joy and Jiang, Dongsheng and Zhang, Xiaopeng and Tian, Qi and Wang, Manning},
  
  keywords = {Image and Video Processing (eess.IV), Computer Vision and Pattern Recognition (cs.CV), FOS: Electrical engineering, electronic engineering, information engineering, FOS: Electrical engineering, electronic engineering, information engineering, FOS: Computer and information sciences, FOS: Computer and information sciences},
  
  title = {Swin-Unet: Unet-like Pure Transformer for Medical Image Segmentation},
  
  publisher = {arXiv},
  
  year = {2021},
  
  copyright = {Creative Commons Attribution 4.0 International}
}
@inproceedings{liu2021swin,
  title={Swin transformer: Hierarchical vision transformer using shifted windows},
  author={Liu, Ze and Lin, Yutong and Cao, Yue and Hu, Han and Wei, Yixuan and Zhang, Zheng and Lin, Stephen and Guo, Baining},
  booktitle={Proceedings of the IEEE/CVF International Conference on Computer Vision},
  pages={10012--10022},
  year={2021}
}
@article{dosovitskiy2020image,
  title={An image is worth 16x16 words: Transformers for image recognition at scale},
  author={Dosovitskiy, Alexey and Beyer, Lucas and Kolesnikov, Alexander and Weissenborn, Dirk and Zhai, Xiaohua and Unterthiner, Thomas and Dehghani, Mostafa and Minderer, Matthias and Heigold, Georg and Gelly, Sylvain and others},
  journal={arXiv preprint arXiv:2010.11929},
  year={2020}
}
@MISC{10665-42394,
	author = {Warren, Sharon and Warren, Kenneth G and World Health Organization},
	title = {Multiple sclerosis / Sharon Warren, Kenneth G. Warren},
	year = {2001},
	pages = {123 p.},
	publisher = {World Health Organization}
}
@article{PAYNE200263,
    title = {Development of a semi-automated method for quantification of MRI gray and white matter lesions in geriatric subjects},
    journal = {Psychiatry Research: Neuroimaging},
    volume = {115},
    number = {1},
    pages = {63-77},
    year = {2002},
    issn = {0925-4927},
    doi = {https://doi.org/10.1016/S0925-4927(02)00009-4},
    url = {https://www.sciencedirect.com/science/article/pii/S0925492702000094},
    author = {Martha E Payne and Denise L Fetzer and James R MacFall and James M Provenzale and Christopher E Byrum and K.Ranga R Krishnan},
    keywords = {Hyperintensity, Foci, Volumetric, Signal intensity, Depression}
}
@article{LI2018650,
    title = {Fully convolutional network ensembles for white matter hyperintensities segmentation in MR images},
    journal = {NeuroImage},
    volume = {183},
    pages = {650-665},
    year = {2018},
    issn = {1053-8119},
    doi = {https://doi.org/10.1016/j.neuroimage.2018.07.005},
    url = {https://www.sciencedirect.com/science/article/pii/S1053811918305974},
    author = {Hongwei Li and Gongfa Jiang and Jianguo Zhang and Ruixuan Wang and Zhaolei Wang and Wei-Shi Zheng and Bjoern Menze},
    keywords = {White matter hyperintensities, Brain lesion segmentation, MICCAI WMH segmentation challenge, Deep learning, Ensemble models}
}
@InProceedings{10.1007/978-3-319-24574-4_28,
    author="Ronneberger, Olaf
    and Fischer, Philipp
    and Brox, Thomas",
    editor="Navab, Nassir
    and Hornegger, Joachim
    and Wells, William M.
    and Frangi, Alejandro F.",
    title="U-Net: Convolutional Networks for Biomedical Image Segmentation",
    booktitle="Medical Image Computing and Computer-Assisted Intervention -- MICCAI 2015",
    year="2015",
    publisher="Springer International Publishing",
    address="Cham",
    pages="234--241"
}
@INPROCEEDINGS{7785132,
  author={Milletari, Fausto and Navab, Nassir and Ahmadi, Seyed-Ahmad},
  booktitle={2016 Fourth International Conference on 3D Vision (3DV)}, 
  title={V-Net: Fully Convolutional Neural Networks for Volumetric Medical Image Segmentation}, 
  year={2016},
  volume={},
  number={},
  pages={565-571},
  doi={10.1109/3DV.2016.79}}
@misc{mmseg2020,
    title={{MMSegmentation}: OpenMMLab Semantic Segmentation Toolbox and Benchmark},
    author={MMSegmentation Contributors},
    howpublished = {\url{https://github.com/open-mmlab/mmsegmentation}},
    year={2020}
}
@misc{https://doi.org/10.48550/arxiv.1807.10221,
  doi = {10.48550/ARXIV.1807.10221},
  
  url = {https://arxiv.org/abs/1807.10221},
  
  author = {Xiao, Tete and Liu, Yingcheng and Zhou, Bolei and Jiang, Yuning and Sun, Jian},
  
  keywords = {Computer Vision and Pattern Recognition (cs.CV), FOS: Computer and information sciences, FOS: Computer and information sciences},
  
  title = {Unified Perceptual Parsing for Scene Understanding},
  
  publisher = {arXiv},
  
  year = {2018},
  
  copyright = {arXiv.org perpetual, non-exclusive license}
}
@misc{https://doi.org/10.48550/arxiv.1902.04502,
  doi = {10.48550/ARXIV.1902.04502},
  
  url = {https://arxiv.org/abs/1902.04502},
  
  author = {Poudel, Rudra P K and Liwicki, Stephan and Cipolla, Roberto},
  
  keywords = {Computer Vision and Pattern Recognition (cs.CV), FOS: Computer and information sciences, FOS: Computer and information sciences},
  
  title = {Fast-SCNN: Fast Semantic Segmentation Network},
  
  publisher = {arXiv},
  
  year = {2019},
  
  copyright = {arXiv.org perpetual, non-exclusive license}
}
@INPROCEEDINGS{9338261,
  author={Zhao, Rongjian and Qian, Buyue and Zhang, Xianli and Li, Yang and Wei, Rong and Liu, Yang and Pan, Yinggang},
  booktitle={2020 IEEE International Conference on Data Mining (ICDM)}, 
  title={Rethinking Dice Loss for Medical Image Segmentation}, 
  year={2020},
  volume={},
  number={},
  pages={851-860},
  doi={10.1109/ICDM50108.2020.00094}
}
@misc{https://doi.org/10.48550/arxiv.1606.04797,
  doi = {10.48550/ARXIV.1606.04797},
  
  url = {https://arxiv.org/abs/1606.04797},
  
  author = {Milletari, Fausto and Navab, Nassir and Ahmadi, Seyed-Ahmad},
  
  keywords = {Computer Vision and Pattern Recognition (cs.CV), FOS: Computer and information sciences, FOS: Computer and information sciences},
  
  title = {V-Net: Fully Convolutional Neural Networks for Volumetric Medical Image Segmentation}}
  
@misc{https://doi.org/10.48550/arxiv.1708.02002,
  doi = {10.48550/ARXIV.1708.02002},
  
  url = {https://arxiv.org/abs/1708.02002},
  
  author = {Lin, Tsung-Yi and Goyal, Priya and Girshick, Ross and He, Kaiming and Dollár, Piotr},
  
  keywords = {Computer Vision and Pattern Recognition (cs.CV), FOS: Computer and information sciences, FOS: Computer and information sciences},
  
  title = {Focal Loss for Dense Object Detection}}
  
@misc{https://doi.org/10.48550/arxiv.2105.15203,
  doi = {10.48550/ARXIV.2105.15203},
  
  url = {https://arxiv.org/abs/2105.15203},
  
  author = {Xie, Enze and Wang, Wenhai and Yu, Zhiding and Anandkumar, Anima and Alvarez, Jose M. and Luo, Ping},
  
  keywords = {Computer Vision and Pattern Recognition (cs.CV), Machine Learning (cs.LG), FOS: Computer and information sciences, FOS: Computer and information sciences},
  
  title = {SegFormer: Simple and Efficient Design for Semantic Segmentation with Transformers},
  
  publisher = {arXiv},
  
  year = {2021},
  
  copyright = {arXiv.org perpetual, non-exclusive license}
}
@misc{https://doi.org/10.48550/arxiv.2012.15355,
  doi = {10.48550/ARXIV.2012.15355},
  
  url = {https://arxiv.org/abs/2012.15355},
  
  author = {Xu, Peng and Kumar, Dhruv and Yang, Wei and Zi, Wenjie and Tang, Keyi and Huang, Chenyang and Cheung, Jackie Chi Kit and Prince, Simon J. D. and Cao, Yanshuai},
  
  keywords = {Computation and Language (cs.CL), Machine Learning (cs.LG), FOS: Computer and information sciences, FOS: Computer and information sciences}
}
@inproceedings{wolf-etal-2020-transformers,
    title = "Transformers: State-of-the-Art Natural Language Processing",
    author = "Thomas Wolf and Lysandre Debut and Victor Sanh and Julien Chaumond and Clement Delangue and Anthony Moi and Pierric Cistac and Tim Rault and Rémi Louf and Morgan Funtowicz and Joe Davison and Sam Shleifer and Patrick von Platen and Clara Ma and Yacine Jernite and Julien Plu and Canwen Xu and Teven Le Scao and Sylvain Gugger and Mariama Drame and Quentin Lhoest and Alexander M. Rush",
    booktitle = "Proceedings of the 2020 Conference on Empirical Methods in Natural Language Processing: System Demonstrations",
    month = oct,
    year = "2020",
    address = "Online",
    publisher = "Association for Computational Linguistics",
    url = "https://www.aclweb.org/anthology/2020.emnlp-demos.6",
    pages = "38--45"
}
@ARTICLE{8669968,
  author={Kuijf, Hugo J. and Biesbroek, J. Matthijs and De Bresser, Jeroen and Heinen, Rutger and Andermatt, Simon and Bento, Mariana and Berseth, Matt and Belyaev, Mikhail and Cardoso, M. Jorge and Casamitjana, Adrià and Collins, D. Louis and Dadar, Mahsa and Georgiou, Achilleas and Ghafoorian, Mohsen and Jin, Dakai and Khademi, April and Knight, Jesse and Li, Hongwei and Lladó, Xavier and Luna, Miguel and Mahmood, Qaiser and McKinley, Richard and Mehrtash, Alireza and Ourselin, Sébastien and Park, Bo-Yong and Park, Hyunjin and Park, Sang Hyun and Pezold, Simon and Puybareau, Elodie and Rittner, Leticia and Sudre, Carole H. and Valverde, Sergi and Vilaplana, Verónica and Wiest, Roland and Xu, Yongchao and Xu, Ziyue and Zeng, Guodong and Zhang, Jianguo and Zheng, Guoyan and Chen, Christopher and van der Flier, Wiesje and Barkhof, Frederik and Viergever, Max A. and Biessels, Geert Jan},
  journal={IEEE Transactions on Medical Imaging}, 
  title={Standardized Assessment of Automatic Segmentation of White Matter Hyperintensities and Results of the WMH Segmentation Challenge}, 
  year={2019},
  volume={38},
  number={11},
  pages={2556-2568},
  doi={10.1109/TMI.2019.2905770}}
  
@misc{https://doi.org/10.48550/arxiv.2201.08683,
  doi = {10.48550/ARXIV.2201.08683},
  
  url = {https://arxiv.org/abs/2201.08683},
  
  author = {Jeeveswaran, Kishaan and Kathiresan, Senthilkumar and Varma, Arnav and Magdy, Omar and Zonooz, Bahram and Arani, Elahe},
  
  keywords = {Computer Vision and Pattern Recognition (cs.CV), FOS: Computer and information sciences, FOS: Computer and information sciences},
  
  title = {A Comprehensive Study of Vision Transformers on Dense Prediction Tasks},
  
  publisher = {arXiv},
  
  year = {2022},
  
  copyright = {Creative Commons Attribution Non Commercial Share Alike 4.0 International}
}

@article{xie2021segformer,
  title={SegFormer: Simple and efficient design for semantic segmentation with transformers},
  author={Xie, Enze and Wang, Wenhai and Yu, Zhiding and Anandkumar, Anima and Alvarez, Jose M and Luo, Ping},
  journal={Advances in Neural Information Processing Systems},
  volume={34},
  pages={12077--12090},
  year={2021}
}

@inproceedings{bentaieb2016topology,
  title={Topology aware fully convolutional networks for histology gland segmentation},
  author={BenTaieb, A{\"\i}cha and Hamarneh, Ghassan},
  booktitle={International conference on medical image computing and computer-assisted intervention},
  pages={460--468},
  year={2016},
  organization={Springer}
}

@article{fukushima1988neocognitron,
  title={Neocognitron: A hierarchical neural network capable of visual pattern recognition},
  author={Fukushima, Kunihiko},
  journal={Neural networks},
  volume={1},
  number={2},
  pages={119--130},
  year={1988},
  publisher={Elsevier}
}

@inproceedings{li2017fully,
  title={Fully convolutional instance-aware semantic segmentation},
  author={Li, Yi and Qi, Haozhi and Dai, Jifeng and Ji, Xiangyang and Wei, Yichen},
  booktitle={Proceedings of the IEEE conference on computer vision and pattern recognition},
  pages={2359--2367},
  year={2017}
}

@inproceedings{natarajan2020segmentation,
  title={Segmentation of nuclei in histopathology images using fully convolutional deep neural architecture},
  author={Natarajan, V Anantha and Kumar, M Sunil and Patan, Rizwan and Kallam, Suresh and Mohamed, Mohamed Yasin Noor},
  booktitle={2020 International Conference on computing and information technology (ICCIT-1441)},
  pages={1--7},
  year={2020},
  organization={IEEE}
}

@inproceedings{wang2016deep,
  title={A deep learning approach for semantic segmentation in histology tissue images},
  author={Wang, Jiazhuo and MacKenzie, John D and Ramachandran, Rageshree and Chen, Danny Z},
  booktitle={International Conference on Medical Image Computing and Computer-Assisted Intervention},
  pages={176--184},
  year={2016},
  organization={Springer}
}

@article{haralick1983image,
  title={Image segmentation survey},
  author={Haralick, Robert M},
  journal={Fundamentals in Computer Vision},
  volume={117},
  pages={209--223},
  year={1983},
  publisher={Cambridge University Press, Cambridge}
}

@inproceedings{noh2015learning,
  title={Learning deconvolution network for semantic segmentation},
  author={Noh, Hyeonwoo and Hong, Seunghoon and Han, Bohyung},
  booktitle={Proceedings of the IEEE international conference on computer vision},
  pages={1520--1528},
  year={2015}
}

@article{badrinarayanan2017segnet,
  title={Segnet: A deep convolutional encoder-decoder architecture for image segmentation},
  author={Badrinarayanan, Vijay and Kendall, Alex and Cipolla, Roberto},
  journal={IEEE transactions on pattern analysis and machine intelligence},
  volume={39},
  number={12},
  pages={2481--2495},
  year={2017},
  publisher={IEEE}
}

@article{zeng2019ric,
  title={RIC-Unet: An improved neural network based on Unet for nuclei segmentation in histology images},
  author={Zeng, Zitao and Xie, Weihao and Zhang, Yunzhe and Lu, Yao},
  journal={Ieee Access},
  volume={7},
  pages={21420--21428},
  year={2019},
  publisher={IEEE}
}
@article{pinckaers2019neural,
  title={Neural ordinary differential equations for semantic segmentation of individual colon glands},
  author={Pinckaers, Hans and Litjens, Geert},
  journal={arXiv preprint arXiv:1910.10470},
  year={2019}
}
@inproceedings{azad2020attention,
  title={Attention deeplabv3+: Multi-level context attention mechanism for skin lesion segmentation},
  author={Azad, Reza and Asadi-Aghbolaghi, Maryam and Fathy, Mahmood and Escalera, Sergio},
  booktitle={European conference on computer vision},
  pages={251--266},
  year={2020},
  organization={Springer}
}
@article{almotairi2020liver,
  title={Liver tumor segmentation in CT scans using modified SegNet},
  author={Almotairi, Sultan and Kareem, Ghada and Aouf, Mohamed and Almutairi, Badr and Salem, Mohammed A-M},
  journal={Sensors},
  volume={20},
  number={5},
  pages={1516},
  year={2020},
  publisher={MDPI}
}
@article{saood2021covid,
  title={COVID-19 lung CT image segmentation using deep learning methods: U-Net versus SegNet},
  author={Saood, Adnan and Hatem, Iyad},
  journal={BMC Medical Imaging},
  volume={21},
  number={1},
  pages={1--10},
  year={2021},
  publisher={BioMed Central}
}
@article{hamida2021deep,
  title={Deep learning for colon cancer histopathological images analysis},
  author={Hamida, A Ben and Devanne, Maxime and Weber, Jonathan and Truntzer, Caroline and Derang{\`e}re, Valentin and Ghiringhelli, Fran{\c{c}}ois and Forestier, Germain and Wemmert, C{\'e}dric},
  journal={Computers in Biology and Medicine},
  volume={136},
  pages={104730},
  year={2021},
  publisher={Elsevier}
}
@article{oskal2019u,
  title={A U-net based approach to epidermal tissue segmentation in whole slide histopathological images},
  author={Oskal, Kay RJ and Risdal, Martin and Janssen, Emilius AM and Undersrud, Erling S and Gulsrud, Thor O},
  journal={SN Applied Sciences},
  volume={1},
  number={7},
  pages={1--12},
  year={2019},
  publisher={Springer}
}
@inproceedings{bagdigen2020cell,
  title={Cell segmentation in triple-negative breast cancer histopathological images using U-Net architecture},
  author={Bagdigen, Muhammed Emin and Bilgin, Gokhan},
  booktitle={2020 28th Signal Processing and Communications Applications Conference (SIU)},
  pages={1--4},
  year={2020},
  organization={IEEE}
}

@article{priego2020automatic,
  title={Automatic segmentation of whole-slide H\&E stained breast histopathology images using a deep convolutional neural network architecture},
  author={Priego-Torres, Blanca Maria and Sanchez-Morillo, Daniel and Fernandez-Granero, Miguel Angel and Garcia-Rojo, Marcial},
  journal={Expert Systems With Applications},
  volume={151},
  pages={113387},
  year={2020},
  publisher={Elsevier}
}

@article{xu2022spatial,
  title={Spatial analysis of tumor-infiltrating lymphocytes in histological sections using deep learning techniques predicts survival in colorectal carcinoma},
  author={Xu, Hongming and Cha, Yoon Jin and Clemenceau, Jean R and Choi, Jinhwan and Lee, Sung Hak and Kang, Jeonghyun and Hwang, Tae Hyun},
  journal={The Journal of Pathology: Clinical Research},
  year={2022},
  publisher={Wiley Online Library}
}

@article{van2021hooknet,
  title={HookNet: Multi-resolution convolutional neural networks for semantic segmentation in histopathology whole-slide images},
  author={Van Rijthoven, Mart and Balkenhol, Maschenka and Sili{\c{n}}a, Karina and Van Der Laak, Jeroen and Ciompi, Francesco},
  journal={Medical Image Analysis},
  volume={68},
  pages={101890},
  year={2021},
  publisher={Elsevier}
}
@inproceedings{shahdeep,
  title={Deep Learning Segmentation of Invasive Melanoma},
  author={Shah, Aman and Mehta, Amal and Wang, Michael and Neumann, Neil and McCalmont, Timothy and Zakhor, Avideh},
  booktitle={International Conference on Image Processing, Bordeaux, France},
  year={2022}
}
@article{meng2021cervical,
  title={A cervical histopathology dataset for computer aided diagnosis of precancerous lesions},
  author={Meng, Zhu and Zhao, Zhicheng and Li, Bingyang and Su, Fei and Guo, Limei},
  journal={IEEE Transactions on Medical Imaging},
  volume={40},
  number={6},
  pages={1531--1541},
  year={2021},
  publisher={IEEE}
}
@inproceedings{xie2021cotr,
  title={Cotr: Efficiently bridging cnn and transformer for 3d medical image segmentation},
  author={Xie, Yutong and Zhang, Jianpeng and Shen, Chunhua and Xia, Yong},
  booktitle={International conference on medical image computing and computer-assisted intervention},
  pages={171--180},
  year={2021},
  organization={Springer}
}
@article{goodfellow2014generative,
  title={Generative adversarial nets},
  author={Goodfellow, Ian and Pouget-Abadie, Jean and Mirza, Mehdi and Xu, Bing and Warde-Farley, David and Ozair, Sherjil and Courville, Aaron and Bengio, Yoshua},
  journal={Advances in neural information processing systems},
  volume={27},
  year={2014}
}
@inproceedings{isola2017image,
  title={Image-to-image translation with conditional adversarial networks},
  author={Isola, Phillip and Zhu, Jun-Yan and Zhou, Tinghui and Efros, Alexei A},
  booktitle={Proceedings of the IEEE conference on computer vision and pattern recognition},
  pages={1125--1134},
  year={2017}
}
@article{mirza2014conditional,
  title={Conditional generative adversarial nets},
  author={Mirza, Mehdi and Osindero, Simon},
  journal={arXiv preprint arXiv:1411.1784},
  year={2014}
}
@inproceedings{rezaei2017conditional,
  title={A conditional adversarial network for semantic segmentation of brain tumor},
  author={Rezaei, Mina and Harmuth, Konstantin and Gierke, Willi and Kellermeier, Thomas and Fischer, Martin and Yang, Haojin and Meinel, Christoph},
  booktitle={International MICCAI Brainlesion Workshop},
  pages={241--252},
  year={2017},
  organization={Springer}
}
@article{mahmood2019deep,
  title={Deep adversarial training for multi-organ nuclei segmentation in histopathology images},
  author={Mahmood, Faisal and Borders, Daniel and Chen, Richard J and McKay, Gregory N and Salimian, Kevan J and Baras, Alexander and Durr, Nicholas J},
  journal={IEEE transactions on medical imaging},
  volume={39},
  number={11},
  pages={3257--3267},
  year={2019},
  publisher={IEEE}
}
@inproceedings{zhu2017unpaired,
  title={Unpaired image-to-image translation using cycle-consistent adversarial networks},
  author={Zhu, Jun-Yan and Park, Taesung and Isola, Phillip and Efros, Alexei A},
  booktitle={Proceedings of the IEEE international conference on computer vision},
  pages={2223--2232},
  year={2017}
}
@InProceedings{Tsuda_2019_CVPR_Workshops,
    author = {Tsuda, Hiroki and Hotta, Kazuhiro},
    title = {Cell Image Segmentation by Integrating Pix2pixs for Each Class},
    booktitle = {Proceedings of the IEEE/CVF Conference on Computer Vision and Pattern Recognition (CVPR) Workshops},
    month = {June},
    year = {2019}
}

@inproceedings{popescu2021retinal,
  title={Retinal blood vessel segmentation using pix2pix gan},
  author={Popescu, Dan and Deaconu, Mihaela and Ichim, Loretta and Stamatescu, Grigore},
  booktitle={2021 29th Mediterranean Conference on Control and Automation (MED)},
  pages={1173--1178},
  year={2021},
  organization={IEEE}
}

@inproceedings{zhu2017unpaired,
  title={Unpaired image-to-image translation using cycle-consistent adversarial networks},
  author={Zhu, Jun-Yan and Park, Taesung and Isola, Phillip and Efros, Alexei A},
  booktitle={Proceedings of the IEEE international conference on computer vision},
  pages={2223--2232},
  year={2017}
}
@article{gadermayr2019generative,
  title={Generative adversarial networks for facilitating stain-independent supervised and unsupervised segmentation: a study on kidney histology},
  author={Gadermayr, Michael and Gupta, Laxmi and Appel, Vitus and Boor, Peter and Klinkhammer, Barbara M and Merhof, Dorit},
  journal={IEEE transactions on medical imaging},
  volume={38},
  number={10},
  pages={2293--2302},
  year={2019},
  publisher={IEEE}
}
@article{kapil2019dasgan,
  title={DASGAN--Joint Domain Adaptation and Segmentation for the Analysis of Epithelial Regions in Histopathology PD-L1 Images},
  author={Kapil, Ansh and Wiestler, Tobias and Lanzmich, Simon and Silva, Abraham and Steele, Keith and Rebelatto, Marlon and Schmidt, Guenter and Brieu, Nicolas},
  journal={arXiv preprint arXiv:1906.11118},
  year={2019}
}
@article{li2022high,
  title={High resolution histopathology image generation and segmentation through adversarial training},
  author={Li, Wenyuan and Li, Jiayun and Polson, Jennifer and Wang, Zichen and Speier, William and Arnold, Corey},
  journal={Medical Image Analysis},
  volume={75},
  pages={102251},
  year={2022},
  publisher={Elsevier}
}